@incollection{osello2015bim,
  title={BIM and Interoperability for Cultural Heritage through ICT},
  author={Osello, Anna and Acquaviva, Andrea and Dalmasso, Daniele and Erba, David and Del Giudice, Matteo and Macii, Enrico and Patti, Edoardo},
  booktitle={Handbook of Research on Emerging Digital Tools for Architectural Surveying, Modeling, and Representation},
  pages={274--291},
  year={2015},
  publisher={IGI Global}
}
@article{brakeville2016blockchain,
  title={Blockchain basics: Introduction to distributed ledgers},
  author={Brakeville, Sloane and Perepa, Bhargav},
  journal={IBM, May},
  year={2016}
}
@article{buterin2016chain,
  title={Chain interoperability},
  author={Buterin, Vitalik},
  journal={R3 Research Paper},
  year={2016}
}
@Misc{wanchain.org,
howpublished = {\url{https://wanchain.org/files/Wanchain-Whitepaper-EN-version.pdf}},
note = {20th Jan, 2019},
title = {Building Super Financial Markets for the New Digital Economy},
author = {Jack Lu}
}
@Misc{cosmos,
howpublished = {\url{https://github.com/irisnet/irisnet/blob/master/WHITEPAPER.md}},
note = {21st Feb, 2019},
title = {Cosmos White paper},
author = {irisnet}
}
@Misc{polkadot,
howpublished = {\url{https://polkadot.network/Polkadot-lightpaper.pdf}},
note = {20-09-2017 },
title = {Polkadot light paper},
author = {Dr.Gavin Wood}
}
@inproceedings{herlihy2018atomic,
  title={Atomic cross-chain swaps},
  author={Herlihy, Maurice},
  booktitle={Proceedings of the 2018 ACM Symposium on Principles of Distributed Computing},
  pages={245--254},
  year={2018},
  organization={ACM}
}
@Misc{HTLA,
howpublished = {\url{https://interledger.org/rfcs/0022-hashed-timelock-agreements/#simple-ayment-channels}},
note = {},
title = {Hash time-lock Agreements},
author = {Interledger.org}
}

@Misc{btc-relay,
howpublished = {\url{https://media.readthedocs.org/pdf/btc-relay/latest/btc-relay.pdf}},
note = {September 10, 2016},
title = {BTC-Relay Documentation},
author = {Consensys}
}
@article{thomas2015protocol,
  title={A protocol for interledger payments},
  author={Thomas, Stefan and Schwartz, Evan},
  journal={URL https://interledger. org/interledger. pdf},
  year={2015}
}
@article{back2014enabling,
  title={Enabling blockchain innovations with pegged sidechains (2014)},
  author={Back, Adam and Corallo, Matt and Dashjr, Luke and Friedenbach, Mark and Maxwell, Gregory and Miller, Andrew and Poelstra, Andrew and Tim{\'o}n, Jorge and Wuille, Pieter},
  journal={URL: tinyurl. com/mj656p7},
  year={2014}
}
@article{poon2017plasma,
  title={Plasma: Scalable autonomous smart contracts},
  author={Poon, Joseph and Buterin, Vitalik},
  journal={White paper},
  pages={1--47},
  year={2017}
}
@Misc{Liquid,
howpublished = {\url{https://blockstream.com/liquid/}},
note = {},
title = {Liquid Network},
author = {Blockstream.com}
}
@Misc{Elastos,
howpublished = {\url{https://www.elastos.org/downloads/elastos_whitepaper_en.pdf}},
note = {January 1,2018},
title = {Elastos white paper},
author = {Elastos foundation}
}
@Misc{Oneledger,
howpublished = {\url{https://oneledger.io/whitepaper/oneledger-whitepaper.en.pdf}},
note = {v2.0},
title = {Oneledger white paper},
author = {Oneledger.io}
}
@misc{lerner2016drivechains,
  title={Drivechains, sidechains and hybrid 2-way peg designs},
  author={Lerner, Sergio Damian},
  year={2016},
  publisher={working paper, revision 9. Apr. 2016. URL: https://bravenewcoin. com/assets~â€¦}
}
@Misc{arcblock,
howpublished = {\url{https://www.arcblock.io/en/whitepaper/latest}},
note = {latest ver.},
title = {Arcblock white paper},
author = {Arcblock.io}
}
@Misc{fusion,
howpublished = {\url{https://docs.wixstatic.com/ugd/76b9ac_be5c61ff0e3048b3a21456223d542687.pdf}},
note = {Dec. 2017},
title = {Fusion white paper},
author = {Fusion foundation}
}
@Misc{icon,
howpublished = {\url{https://icon.foundation/resources/whitepaper/ICON-Whitepaper-EN-Draft.pdf}},
note = {Jan. 31st 2018},
title = {ICON white paper},
author = {ICON foundation}
}
@Misc{aion,
howpublished = {\url{https://aion.network/media/en-aion-network-technical-introduction.pdf}},
note = {Jul. 31st 2017},
title = {AION white paper},
author = {AION network}
}
@misc{verdian2018quant,
  title={Quant overledger whitepaper},
  author={Verdian, Gilbert and Tasca, Paolo and Paterson, Colin and Mondelli, Gaetano},
  year={2018}
}
@misc{poon2016bitcoin,
  title={The bitcoin lightning network: Scalable off-chain instant payments},
  author={Poon, Joseph and Dryja, Thaddeus},
  year={2016}
}
@misc{palletone,
  title={PalletOne Yellow paper V1.0 beta},
  howpublished ={\url{https://pallet.one/doc/PalletOne_yellowpaper_en.pdf}},
  author={PalletOne team},
  year={May, 2018}
}
@article{verdianquant,
  title={Quant Overledger{\textregistered}},
  author={Verdian, Gilbert and Tasca, Paolo and Paterson, Colin and Mondelli, Gaetano}
}


